% Encoding: UTF-8



@misc{artifact,
  author = {Politano, Mariano and Bengolea, Valeria and Molina, Facundo and Aguirre, Nazareno and Frias, Marcelo F. and Ponzio, Pablo},
  title = {\emph{Efficient Bounded Exhaustive Input Generation from Program APIs} paper's artifact},
  howpublished = {\url{https://doi.org/10.5281/zenodo.7574758}},
}

@misc{website,
  author = {Politano, Mariano and Bengolea, Valeria and Molina, Facundo and Aguirre, Nazareno and Frias, Marcelo F. and Ponzio, Pablo},
  title = {\emph{Efficient Bounded Exhaustive Input Generation from Program APIs} paper's website},
  howpublished = {\url{https://sites.google.com/view/bounded-exhaustive-api}},
}

@article{Rosner14,
author = {Rosner, Nicol\'{a}s and Bengolea, Valeria and Ponzio, Pablo and Khalek, Shadi Abdul and Aguirre, Nazareno and Frias, Marcelo F. and Khurshid, Sarfraz},
title = {Bounded Exhaustive Test Input Generation from Hybrid Invariants},
year = {2014},
issue_date = {October 2014},
publisher = {Association for Computing Machinery},
address = {New York, NY, USA},
volume = {49},
number = {10},
issn = {0362-1340},
abstract = {},
journal = {SIGPLAN Not.},
month = {oct},
pages = {655–674},
numpages = {20},
keywords = {transcoping, korat, alloy, automated test generation, sat solving, bounded exhaustive testing}
}


@article{Tillmann05,
author = {Tillmann, Nikolai and Schulte, Wolfram},
title = {Parameterized Unit Tests},
year = {2005},
issue_date = {September 2005},
publisher = {Association for Computing Machinery},
address = {New York, NY, USA},
volume = {30},
number = {5},
issn = {0163-5948},
abstract = {},
journal = {SIGSOFT Softw. Eng. Notes},
month = {sep},
pages = {253–262},
numpages = {10},
keywords = {constraint solving, automatic test input generation, symbolic execution, unit testing, algebraic data types}
}

@article{Chen19,
author = {Chen, Tsong Yueh and Kuo, Fei-Ching and Liu, Huai and Poon, Pak-Lok and Towey, Dave and Tse, T. H. and Zhou, Zhi Quan},
title = {Metamorphic Testing: A Review of Challenges and Opportunities},
year = {2018},
issue_date = {January 2019},
publisher = {Association for Computing Machinery},
address = {New York, NY, USA},
volume = {51},
number = {1},
issn = {0360-0300},
abstract = {},
journal = {ACM Comput. Surv.},
month = {jan},
articleno = {4},
numpages = {27},
keywords = {metamorphic relation, test case generation, Metamorphic testing, oracle problem}
}


@inproceedings{Pham19,
  author    = {Long H. Pham and
               Quang Loc Le and
               Quoc{-}Sang Phan and
               Jun Sun},
  editor    = {Maurice H. ter Beek and
               Annabelle McIver and
               Jos{\'{e}} N. Oliveira},
  title     = {Concolic Testing Heap-Manipulating Programs},
  booktitle = {Formal Methods - The Next 30 Years - Third World Congress, {FM} 2019,
               Porto, Portugal, October 7-11, 2019, Proceedings},
  series    = {Lecture Notes in Computer Science},
  volume    = {11800},
  pages     = {442--461},
  publisher = {Springer},
  year      = {2019},
  timestamp = {Mon, 23 Sep 2019 13:52:37 +0200},
  biburl    = {https://dblp.org/rec/conf/fm/PhamLP019.bib},
  bibsource = {dblp computer science bibliography, https://dblp.org}
}


@book{Liskov00, 
    author = {Liskov, Barbara and Guttag, John}, 
    title = {Program Development in Java: Abstraction, Specification, and Object-Oriented Design}, 
    year = {2000}, 
    isbn = {0201657686}, 
    publisher = {Addison-Wesley Longman Publishing Co., Inc.}, 
    address = {USA}, 
    edition = {1st}
}


@inproceedings{Molina+2021,
  author    = {Facundo Molina and Pablo Ponzio and Nazareno Aguirre and Marcelo Frias},
  title     = {{EvoSpex}: An Evolutionary Algorithm for Learning Postconditions},
  booktitle = {Proceedings of the 43rd {ACM/IEEE} International Conference on Software
               Engineering {ICSE} 2021, Virtual (originally Madrid, Spain), 23-29
               May 2021},
  year      = {2021}
}

@Article{Khurshid01,
  author    = {Sarfraz Khurshid and Darko Marinov},
  title     = {Checking Java implementation of a naming architecture using Testera},
  journal   = {Electron. Notes Theor. Comput. Sci.},
  year      = {2001},
  volume    = {55},
  number    = {3},
  pages     = {322--342},
  bibsource = {dblp computer science bibliography, https://dblp.org},
  biburl    = {https://dblp.org/rec/journals/entcs/KhurshidM01.bib},
  timestamp = {Fri, 12 Feb 2021 22:17:45 +0100},
}

@InProceedings{Marinov01,
  author    = {Darko Marinov and Sarfraz Khurshid},
  title     = {TestEra: {A} Novel Framework for Automated Testing of Java Programs},
  booktitle = {16th {IEEE} International Conference on Automated Software Engineering {(ASE} 2001), 26-29 November 2001, Coronado Island, San Diego, CA, {USA}},
  year      = {2001},
  pages     = {22},
  publisher = {{IEEE} Computer Society},
  bibsource = {dblp computer science bibliography, https://dblp.org},
  biburl    = {https://dblp.org/rec/conf/kbse/MarinovK01.bib},
  timestamp = {Wed, 16 Oct 2019 14:14:55 +0200},
}

@InProceedings{Sullivan04,
  author    = {Kevin J. Sullivan and Jinlin Yang and David Coppit and Sarfraz Khurshid and Daniel Jackson},
  title     = {Software assurance by bounded exhaustive testing},
  booktitle = {Proceedings of the {ACM/SIGSOFT} International Symposium on Software Testing and Analysis, {ISSTA} 2004, Boston, Massachusetts, USA, July 11-14, 2004},
  year      = {2004},
  editor    = {George S. Avrunin and Gregg Rothermel},
  pages     = {133--142},
  publisher = {{ACM}},
  bibsource = {dblp computer science bibliography, https://dblp.org},
  biburl    = {https://dblp.org/rec/conf/issta/SullivanYCKJ04.bib},
  timestamp = {Tue, 06 Nov 2018 16:57:30 +0100},
}

@InProceedings{Boyapati02,
  author    = {Chandrasekhar Boyapati and Sarfraz Khurshid and Darko Marinov},
  title     = {Korat: automated testing based on Java predicates},
  booktitle = {Proceedings of the International Symposium on Software Testing and Analysis, {ISSTA} 2002, Roma, Italy, July 22-24, 2002},
  year      = {2002},
  editor    = {Phyllis G. Frankl},
  pages     = {123--133},
  publisher = {{ACM}},
  bibsource = {dblp computer science bibliography, https://dblp.org},
  biburl    = {https://dblp.org/rec/conf/issta/BoyapatiKM02.bib},
  timestamp = {Tue, 06 Nov 2018 16:57:30 +0100},
}

@InProceedings{Visser06,
  author    = {Willem Visser and Corina S. Pasareanu and Radek Pel{\'{a}}nek},
  title     = {Test input generation for java containers using state matching},
  booktitle = {Proceedings of the {ACM/SIGSOFT} International Symposium on Software Testing and Analysis, {ISSTA} 2006, Portland, Maine, USA, July 17-20, 2006},
  year      = {2006},
  editor    = {Lori L. Pollock and Mauro Pezz{\`{e}}},
  pages     = {37--48},
  publisher = {{ACM}},
  bibsource = {dblp computer science bibliography, https://dblp.org},
  biburl    = {https://dblp.org/rec/conf/issta/VisserPP06.bib},
  timestamp = {Tue, 06 Nov 2018 16:57:30 +0100},
}

@InProceedings{Visser05,
  author    = {Willem Visser and Peter C. Mehlitz},
  title     = {Model Checking Programs with Java PathFinder},
  booktitle = {Model Checking Software, 12th International {SPIN} Workshop, San Francisco, CA, USA, August 22-24, 2005, Proceedings},
  year      = {2005},
  editor    = {Patrice Godefroid},
  volume    = {3639},
  series    = {Lecture Notes in Computer Science},
  pages     = {27},
  publisher = {Springer},
  bibsource = {dblp computer science bibliography, https://dblp.org},
  biburl    = {https://dblp.org/rec/conf/spin/VisserM05.bib},
  timestamp = {Tue, 14 May 2019 10:00:36 +0200},
}

@InProceedings{Siddiqui09,
  author    = {Junaid Haroon Siddiqui and Sarfraz Khurshid},
  title     = {An Empirical Study of Structural Constraint Solving Techniques},
  booktitle = {Formal Methods and Software Engineering, 11th International Conference on Formal Engineering Methods, {ICFEM} 2009, Rio de Janeiro, Brazil, December 9-12, 2009. Proceedings},
  year      = {2009},
  editor    = {Karin K. Breitman and Ana Cavalcanti},
  volume    = {5885},
  series    = {Lecture Notes in Computer Science},
  pages     = {88--106},
  publisher = {Springer},
  bibsource = {dblp computer science bibliography, https://dblp.org},
  biburl    = {https://dblp.org/rec/conf/icfem/SiddiquiK09.bib},
  timestamp = {Wed, 25 Sep 2019 18:13:47 +0200},
}

@InProceedings{Gligoric10,
  author    = {Milos Gligoric and Tihomir Gvero and Vilas Jagannath and Sarfraz Khurshid and Viktor Kuncak and Darko Marinov},
  title     = {Test generation through programming in {UDITA}},
  booktitle = {Proceedings of the 32nd {ACM/IEEE} International Conference on Software Engineering - Volume 1, {ICSE} 2010, Cape Town, South Africa, 1-8 May 2010},
  year      = {2010},
  editor    = {Jeff Kramer and Judith Bishop and Premkumar T. Devanbu and Sebasti{\'{a}}n Uchitel},
  pages     = {225--234},
  publisher = {{ACM}},
  bibsource = {dblp computer science bibliography, https://dblp.org},
  biburl    = {https://dblp.org/rec/conf/icse/GligoricGJKKM10.bib},
  timestamp = {Tue, 06 Nov 2018 11:06:55 +0100},
}

@InCollection{Godefroid18,
  author    = {Patrice Godefroid and Koushik Sen},
  title     = {Combining Model Checking and Testing},
  booktitle = {Handbook of Model Checking},
  publisher = {Springer},
  year      = {2018},
  editor    = {Edmund M. Clarke and Thomas A. Henzinger and Helmut Veith and Roderick Bloem},
  pages     = {613--649},
  bibsource = {dblp computer science bibliography, https://dblp.org},
  biburl    = {https://dblp.org/rec/reference/mc/GodefroidS18.bib},
  timestamp = {Tue, 29 May 2018 12:30:27 +0200},
}

@Article{Godefroid12,
  author    = {Patrice Godefroid and Michael Y. Levin and David A. Molnar},
  title     = {{SAGE:} whitebox fuzzing for security testing},
  journal   = {Commun. {ACM}},
  year      = {2012},
  volume    = {55},
  number    = {3},
  pages     = {40--44},
  bibsource = {dblp computer science bibliography, https://dblp.org},
  biburl    = {https://dblp.org/rec/journals/cacm/GodefroidLM12.bib},
  timestamp = {Tue, 06 Nov 2018 12:51:43 +0100},
}

@InProceedings{Godefroid05,
  author    = {Patrice Godefroid and Nils Klarlund and Koushik Sen},
  title     = {{DART:} directed automated random testing},
  booktitle = {Proceedings of the {ACM} {SIGPLAN} 2005 Conference on Programming Language Design and Implementation, Chicago, IL, USA, June 12-15, 2005},
  year      = {2005},
  editor    = {Vivek Sarkar and Mary W. Hall},
  pages     = {213--223},
  publisher = {{ACM}},
  bibsource = {dblp computer science bibliography, https://dblp.org},
  biburl    = {https://dblp.org/rec/conf/pldi/GodefroidKS05.bib},
  timestamp = {Tue, 06 Nov 2018 16:59:30 +0100},
}

@InProceedings{Christakis15,
  author    = {Maria Christakis and Patrice Godefroid},
  title     = {Proving Memory Safety of the {ANI} Windows Image Parser Using Compositional Exhaustive Testing},
  booktitle = {Verification, Model Checking, and Abstract Interpretation - 16th International Conference, {VMCAI} 2015, Mumbai, India, January 12-14, 2015. Proceedings},
  year      = {2015},
  editor    = {Deepak D'Souza and Akash Lal and Kim Guldstrand Larsen},
  volume    = {8931},
  series    = {Lecture Notes in Computer Science},
  pages     = {373--392},
  publisher = {Springer},
  bibsource = {dblp computer science bibliography, https://dblp.org},
  biburl    = {https://dblp.org/rec/conf/vmcai/ChristakisG15.bib},
  timestamp = {Tue, 14 May 2019 10:00:43 +0200},
}

@InProceedings{Xie04,
  author    = {Tao Xie and Darko Marinov and David Notkin},
  title     = {Rostra: {A} Framework for Detecting Redundant Object-Oriented Unit Tests},
  booktitle = {19th {IEEE} International Conference on Automated Software Engineering {(ASE} 2004), 20-25 September 2004, Linz, Austria},
  year      = {2004},
  pages     = {196--205},
  publisher = {{IEEE} Computer Society},
  bibsource = {dblp computer science bibliography, https://dblp.org},
  biburl    = {https://dblp.org/rec/conf/kbse/XieMN04.bib},
  timestamp = {Wed, 16 Oct 2019 14:14:55 +0200},
}

@InProceedings{Iosif02,
  author    = {Radu Iosif},
  title     = {Symmetry Reduction Criteria for Software Model Checking},
  booktitle = {Model Checking of Software, 9th International {SPIN} Workshop, Grenoble, France, April 11-13, 2002, Proceedings},
  year      = {2002},
  editor    = {Dragan Bosnacki and Stefan Leue},
  volume    = {2318},
  series    = {Lecture Notes in Computer Science},
  pages     = {22--41},
  publisher = {Springer},
  bibsource = {dblp computer science bibliography, https://dblp.org},
  biburl    = {https://dblp.org/rec/conf/spin/Iosif02.bib},
  timestamp = {Tue, 14 May 2019 10:00:36 +0200},
}

@Article{Robby03,
  author    = {Robby and Matthew B. Dwyer and John Hatcliff and Radu Iosif},
  title     = {Space-Reduction Strategies for Model Checking Dynamic Software},
  journal   = {Electron. Notes Theor. Comput. Sci.},
  year      = {2003},
  volume    = {89},
  number    = {3},
  pages     = {499--517},
  bibsource = {dblp computer science bibliography, https://dblp.org},
  biburl    = {https://dblp.org/rec/journals/entcs/RobbyDHI03.bib},
  timestamp = {Fri, 12 Feb 2021 22:18:33 +0100},
}

@InProceedings{Ponzio19,
  author    = {Pablo Ponzio and Valeria S. Bengolea and Mariano Politano and Nazareno Aguirre and Marcelo F. Frias},
  title     = {Automatically Identifying Sufficient Object Builders from Module APIs},
  booktitle = {Fundamental Approaches to Software Engineering - 22nd International Conference, {FASE} 2019, Held as Part of the European Joint Conferences on Theory and Practice of Software, {ETAPS} 2019, Prague, Czech Republic, April 6-11, 2019, Proceedings},
  year      = {2019},
  editor    = {Reiner H{\"{a}}hnle and Wil M. P. van der Aalst},
  volume    = {11424},
  series    = {Lecture Notes in Computer Science},
  pages     = {427--444},
  publisher = {Springer},
  bibsource = {dblp computer science bibliography, https://dblp.org},
  biburl    = {https://dblp.org/rec/conf/fase/PonzioBPAF19.bib},
  timestamp = {Tue, 29 Dec 2020 18:33:00 +0100},
}

@Book{Ammann16,
  title       = {Introduction to Software Testing},
  publisher   = {Cambridge University Press},
  year        = {2016},
  author      = {Ammann, Paul and Offutt, Jeff},
  address     = {Cambridge},
  isbn        = {9781107172012},
  added-at    = {2018-09-28T14:44:33.000+0200},
  biburl      = {https://www.bibsonomy.org/bibtex/27b02c7a9e3cc90487c0ce8e4f17fe12d/kurkha},
  description = {Introduction to Software Testing by Paul Ammann},
  interhash   = {28f3f7030428962ca074f2c4e556d8bd},
  intrahash   = {7b02c7a9e3cc90487c0ce8e4f17fe12d},
  keywords    = {softwareengineering},
  timestamp   = {2018-09-28T14:44:33.000+0200},
}

@Book{Myers11,
  title     = {The Art of Software Testing},
  publisher = {Wiley Publishing},
  year      = {2011},
  author    = {Myers, Glenford J. and Sandler, Corey and Badgett, Tom},
  edition   = {3rd},
  isbn      = {1118031962},
}

@InProceedings{Pacheco07,
  author    = {Carlos Pacheco and Shuvendu K. Lahiri and Michael D. Ernst and Thomas Ball},
  title     = {Feedback-Directed Random Test Generation},
  booktitle = {29th International Conference on Software Engineering {(ICSE} 2007), Minneapolis, MN, USA, May 20-26, 2007},
  year      = {2007},
  pages     = {75--84},
  publisher = {{IEEE} Computer Society},
  bibsource = {dblp computer science bibliography, https://dblp.org},
  biburl    = {https://dblp.org/rec/conf/icse/PachecoLEB07.bib},
  timestamp = {Wed, 16 Oct 2019 14:14:49 +0200},
}

@InProceedings{Cadar08,
  author    = {Cristian Cadar and Daniel Dunbar and Dawson R. Engler},
  title     = {{KLEE:} Unassisted and Automatic Generation of High-Coverage Tests for Complex Systems Programs},
  booktitle = {8th {USENIX} Symposium on Operating Systems Design and Implementation, {OSDI} 2008, December 8-10, 2008, San Diego, California, USA, Proceedings},
  year      = {2008},
  editor    = {Richard Draves and Robbert van Renesse},
  pages     = {209--224},
  publisher = {{USENIX} Association},
  bibsource = {dblp computer science bibliography, https://dblp.org},
  biburl    = {https://dblp.org/rec/conf/osdi/CadarDE08.bib},
  timestamp = {Thu, 12 Mar 2020 11:35:55 +0100},
}

@Article{Luckow14,
  author    = {Kasper S{\o}e Luckow and Corina S. Pasareanu},
  title     = {Symbolic PathFinder v7},
  journal   = {{ACM} {SIGSOFT} Softw. Eng. Notes},
  year      = {2014},
  volume    = {39},
  number    = {1},
  pages     = {1--5},
  bibsource = {dblp computer science bibliography, https://dblp.org},
  biburl    = {https://dblp.org/rec/journals/sigsoft/LuckowP14.bib},
  timestamp = {Thu, 17 Sep 2020 12:05:24 +0200},
}

@InProceedings{Fraser11,
  author    = {Gordon Fraser and Andrea Arcuri},
  title     = {EvoSuite: automatic test suite generation for object-oriented software},
  booktitle = {SIGSOFT/FSE'11 19th {ACM} {SIGSOFT} Symposium on the Foundations of Software Engineering {(FSE-19)} and ESEC'11: 13th European Software Engineering Conference (ESEC-13), Szeged, Hungary, September 5-9, 2011},
  year      = {2011},
  editor    = {Tibor Gyim{\'{o}}thy and Andreas Zeller},
  pages     = {416--419},
  publisher = {{ACM}},
  bibsource = {dblp computer science bibliography, https://dblp.org},
  biburl    = {https://dblp.org/rec/conf/sigsoft/FraserA11.bib},
  timestamp = {Mon, 23 Nov 2020 12:33:10 +0100},
}

@InProceedings{Ma15,
  author    = {Lei Ma and Cyrille Artho and Cheng Zhang and Hiroyuki Sato and Johannes Gmeiner and Rudolf Ramler},
  title     = {{GRT:} An Automated Test Generator Using Orchestrated Program Analysis},
  booktitle = {30th {IEEE/ACM} International Conference on Automated Software Engineering, {ASE} 2015, Lincoln, NE, USA, November 9-13, 2015},
  year      = {2015},
  editor    = {Myra B. Cohen and Lars Grunske and Michael Whalen},
  pages     = {842--847},
  publisher = {{IEEE} Computer Society},
  bibsource = {dblp computer science bibliography, https://dblp.org},
  biburl    = {https://dblp.org/rec/conf/kbse/MaAZSGR15a.bib},
  timestamp = {Wed, 16 Oct 2019 14:14:55 +0200},
}

@TechReport{Andoni02,
  author = {Andoni, Alexandr and Daniliuc, Dumitru and Khurshid, Sarfraz and Marinov, Darko},
  title  = {Evaluating the "Small Scope Hypothesis"},
  institution = {MIT CSAIL},
  year   = {2002},
  month  = {10},
}

@InProceedings{Braione17,
  author    = {Pietro Braione and Giovanni Denaro and Andrea Mattavelli and Mauro Pezz{\`{e}}},
  title     = {Combining symbolic execution and search-based testing for programs with complex heap inputs},
  booktitle = {Proceedings of the 26th {ACM} {SIGSOFT} International Symposium on Software Testing and Analysis, Santa Barbara, CA, USA, July 10 - 14, 2017},
  year      = {2017},
  editor    = {Tevfik Bultan and Koushik Sen},
  pages     = {90--101},
  publisher = {{ACM}},
  bibsource = {dblp computer science bibliography, https://dblp.org},
  biburl    = {https://dblp.org/rec/conf/issta/BraioneDMP17.bib},
  timestamp = {Tue, 06 Nov 2018 16:57:30 +0100},
}

@InProceedings{Deng06,
  author    = {Xianghua Deng and Robby and John Hatcliff},
  title     = {Kiasan: {A} Verification and Test-Case Generation Framework for Java Based on Symbolic Execution},
  booktitle = {Leveraging Applications of Formal Methods, Second International Symposium, ISoLA 2006, Paphos, Cyprus, 15-19 November 2006},
  year      = {2006},
  pages     = {137},
  publisher = {{IEEE} Computer Society},
  bibsource = {dblp computer science bibliography, https://dblp.org},
  biburl    = {https://dblp.org/rec/conf/isola/DengRH06.bib},
  timestamp = {Wed, 16 Oct 2019 14:14:50 +0200},
}

@InProceedings{Abad13,
  author    = {Pablo Abad and Nazareno Aguirre and Valeria S. Bengolea and Daniel Alfredo Ciolek and Marcelo F. Frias and Juan P. Galeotti and Tom Maibaum and Mariano M. Moscato and Nicol{\'{a}}s Rosner and Ignacio Vissani},
  title     = {Improving Test Generation under Rich Contracts by Tight Bounds and Incremental {SAT} Solving},
  booktitle = {Sixth {IEEE} International Conference on Software Testing, Verification and Validation, {ICST} 2013, Luxembourg, Luxembourg, March 18-22, 2013},
  year      = {2013},
  pages     = {21--30},
  publisher = {{IEEE} Computer Society},
  bibsource = {dblp computer science bibliography, https://dblp.org},
  biburl    = {https://dblp.org/rec/conf/icst/AbadABCFGMMRV13.bib},
  timestamp = {Thu, 06 Aug 2020 13:53:41 +0200},
}

@InProceedings{Pacheco08,
  author    = {Carlos Pacheco and Shuvendu K. Lahiri and Thomas Ball},
  title     = {Finding errors in .net with feedback-directed random testing},
  booktitle = {Proceedings of the {ACM/SIGSOFT} International Symposium on Software Testing and Analysis, {ISSTA} 2008, Seattle, WA, USA, July 20-24, 2008},
  year      = {2008},
  editor    = {Barbara G. Ryder and Andreas Zeller},
  pages     = {87--96},
  publisher = {{ACM}},
  bibsource = {dblp computer science bibliography, https://dblp.org},
  biburl    = {https://dblp.org/rec/conf/issta/PachecoLB08.bib},
  timestamp = {Tue, 06 Nov 2018 16:57:30 +0100},
}

@InProceedings{Rosner13,
  author    = {Nicol{\'{a}}s Rosner and Carlos Gustavo L{\'{o}}pez Pombo and Nazareno Aguirre and Ali Jaoua and Ali Mili and Marcelo F. Frias},
  title     = {Parallel Bounded Verification of Alloy Models by TranScoping},
  booktitle = {Verified Software: Theories, Tools, Experiments - 5th International Conference, {VSTTE} 2013, Menlo Park, CA, USA, May 17-19, 2013, Revised Selected Papers},
  year      = {2013},
  editor    = {Ernie Cohen and Andrey Rybalchenko},
  volume    = {8164},
  series    = {Lecture Notes in Computer Science},
  pages     = {88--107},
  publisher = {Springer},
  bibsource = {dblp computer science bibliography, https://dblp.org},
  biburl    = {https://dblp.org/rec/conf/vstte/RosnerPAJMF13.bib},
  timestamp = {Tue, 14 May 2019 10:00:49 +0200},
}

@Article{Rosner15,
  author    = {Nicol{\'{a}}s Rosner and Jaco Geldenhuys and Nazareno Aguirre and Willem Visser and Marcelo F. Frias},
  title     = {{BLISS:} Improved Symbolic Execution by Bounded Lazy Initialization with {SAT} Support},
  journal   = {{IEEE} Trans. Software Eng.},
  year      = {2015},
  volume    = {41},
  number    = {7},
  pages     = {639--660},
  bibsource = {dblp computer science bibliography, https://dblp.org},
  biburl    = {https://dblp.org/rec/journals/tse/RosnerGAVF15.bib},
  timestamp = {Wed, 17 May 2017 10:56:36 +0200},
}

@Comment{jabref-meta: databaseType:bibtex;}
